@article{Example,
  author  = {Ex Ample},
  title   = {This is a just an example},
  journal = {Example Journal},
  volume  = {1},
  number  = {1},
  pages   = {1-345},
  year    = {2024},
  doi = {example}
}